@article{pugno2006strength,
  title={On the strength of the carbon nanotube-based space elevator cable: from nano-to mega-mechanics},
  author={Pugno, Nicola M},
  journal={arXiv preprint cond-mat/0601668},
  year={2006}
}