@misc{mahdipourfath,
  author = {Mahdi Pourfath},
  title = {{Numerical Study of Quantum Transport in Carbon Nanotube Based Transistors}},
  howpublished = "\url{http://www.iue.tuwien.ac.at/phd/pourfath/node21.html}",
  year = {2007}, 
  note = "[Online; accessed 18-Feb-2019]"
}

@article{PhysRev.114.687,
	title = {Application of the Morse Potential Function to Cubic Metals},
	author = {Girifalco, L. A. and Weizer, V. G.},
	journal = {Phys. Rev.},
	volume = {114},
	issue = {3},
	pages = {687--690},
	numpages = {0},
	year = {1959},
	month = {May},
	publisher = {American Physical Society},
	doi = {10.1103/PhysRev.114.687},
	url = {https://link.aps.org/doi/10.1103/PhysRev.114.687}
}